<record><leader>00000cas a22000007a 4500</leader><controlfield tag="001">13431246</controlfield><controlfield tag="008">860414d18981898nvuwr ne      0    0eng d</controlfield><datafield ind1=" " ind2=" " tag="010"><subfield code="a">sn 86091308 </subfield></datafield><datafield ind1=" " ind2=" " tag="040"><subfield code="a">UNP</subfield><subfield code="b">eng</subfield><subfield code="c">UNP</subfield><subfield code="d">NNX</subfield><subfield code="d">OCLCQ</subfield></datafield><datafield ind1=" " ind2=" " tag="042"><subfield code="a">msc</subfield></datafield><datafield ind1=" " ind2="4" tag="050"><subfield code="a">AN2.N3</subfield><subfield code="b">M66</subfield></datafield><datafield ind1="0" ind2=" " tag="130"><subfield code="a">Mountain City times (Mountain City, Nev.)</subfield></datafield><datafield ind1="1" ind2="0" tag="245"><subfield code="a">Mountain City times.</subfield></datafield><datafield ind1=" " ind2=" " tag="260"><subfield code="a">Mountain City, Nev. :</subfield><subfield code="b">Sain, Woodward &amp; Keith,</subfield><subfield code="c">1898.</subfield></datafield><datafield ind1=" " ind2=" " tag="300"><subfield code="a">1 v. :</subfield><subfield code="b">ill. (chiefy ads.)</subfield></datafield><datafield ind1=" " ind2=" " tag="310"><subfield code="a">Weekly</subfield></datafield><datafield ind1="0" ind2=" " tag="362"><subfield code="a">Vol. 1, no. 1 (Jan. 21, 1898)-v. 1, no. 17 (May 13, 1898).</subfield></datafield><datafield ind1=" " ind2=" " tag="752"><subfield code="a">United States</subfield><subfield code="b">Nevada</subfield><subfield code="c">Elko</subfield><subfield code="d">Mountain City.</subfield></datafield></record>